@TechReport{Elliott2009-type-class-morphisms-TR,
  author      = {Conal Elliott},
  title       = {Denotational design with type class morphisms (extended version)},
  institution = {LambdaPix},
  url         = {http://conal.net/papers/type-class-morphisms},
  month       = {March},
  number      = {2009-01},
  year        = 2009
}

@book{eisenberg2014,
  title={SVG Essentials: Producing Scalable Vector Graphics with XML},
  author={Eisenberg, J. David},
  isbn={1449374352},
  url={https://www.amazon.com/SVG-Essentials-Producing-Scalable-Graphics/dp/1449374352/},
  year={2014},
  publisher={O'Reilly Media}
}

@book{meeks2015,
  title     = {D3.js in Action},
  author    = {Elijah Meeks},
  year      = {2015},
  publisher = {Manning Publications},
}

@book{Ayetkin2003SchaumsOA,
  title={Schaum's Outline of Abstract Algebra},
  author={Lloyd Jaisingh and Frank Ayres},
  year={2003},
  publisher={McGraw-Hill},
  isbn={0071403272},
  url={https://www.amazon.com/Schaums-Outline-Abstract-Algebra-Outlines/dp/0071403272},
}

@book{kaleniuk2023,
  title={Geometry for Programmers},
  author={Kaleniuk, Oleksandr},
  isbn={9781633439607},
  year={2023},
  publisher={Manning Publications}
}

@book{jonesandblackheath2016,
    title={Functional Reactive Programming},
    author={Anthony Jones and Stephen Blackheath},
    year={2016},
}

@book{alcock2014,
    title={How to Think About Analysis},
    author={Lara Alcock},
    publisher={Oxford University Press},
    year={2014},
}

@book{aronson1972social,
    title={The Social Animal},
    author={Aronson, Elliot},
    year={1972},
    publisher={Worth Publishers},
    address={New York}
}

@book{beautiful_code,
    title = {Beautiful Code: Leading Programmers Explain How They Think},
    author = {Andy Oram and Greg Wilson},
    year = {2007},
    publisher = {O'Reilly Media},
    isbn = {978-0596510046},
    url = {https://www.oreilly.com/library/view/beautiful-code/9780596510046/},
}

@book{skinner2023,
    title = {Effective Haskell},
    author = {Rebecca Skinner},
    year = {2023},
    publisher = {Pragmatic Programmers},
}

@book{jackson2021essence,
    title={The Essence of Software: Why Concepts Matter for Great Design},
    author={Jackson, Daniel},
    isbn={9780691225388},
    year={2021},
    publisher={Princeton University Press},
    address={Princeton, New Jersey},
    pages={336},
    size={6.13 x 9.25 in},
    illustrations={84 b/w illus}
}

@book{lepore2001meaning,
    title={Meaning and Argument: An Introduction to Logic Through Language},
    author={Lepore, Ernest},
    year={2001},
    publisher={Blackwell Publishers},
    address={Malden, MA},
    edition={Revised edition}
}

@book{bragilevsky2021haskell,
    title={Haskell in Depth},
    author={Bragilevsky, Vitaly},
    year={2021},
    publisher={Manning}
}

@book{hammack2020,
    title={Book of Proof},
    author={Hammack, Richard},
    year={2020},
    publisher={\url{http://www.people.vcu.edu/~rhammack/BookOfProof/}},
    note={Online resource}
}

@book{allen2015haskell,
    title={Haskell from First Principles},
    author={Allen, Christopher and Moronuki, Julie},
    year={2015},
    publisher={Gumroad},
    note={Available at \url{https://haskellbook.com/}}
}

@book{cialdini2007influence,
    title={Influence: The Psychology of Persuasion},
    author={Cialdini, Robert B.},
    year={2007},
    publisher={Harper Business},
    address={New York, NY},
    note={ISBN: 978-0061241895}
}

@book{whittington2012pdf,
    title= {PDF Explained},
    author={John Whittington},
    year= {2012},
    publisher = {O'Reilly Media},
}

@book{rosenthol2013developing,
    title = {Developing PDF},
    author = {Leondard Rosenthol},
    publisher = {O'Reilly Media},
    year = {2013}
}

@online{pdfscripting-2018-what-is-a-pdf,
    author       = {PDFScripting},
    title        = {{What is a PDF?}},
    year         = {2018},
    url          = {https://www.youtube.com/watch?v=GqEH8XvPZwM},
    note         = {Accessed: October 03, 2023}
}

@online{2023jonestypesystems,
    author       = {Jones, Adam},
    title        = {{Type systems: Lambda calculus to Hindley-Milner}},
    year         = {2022-2023},
    url          = {https://www.youtube.com/playlist?list=PLoyEIY-nZq_uipRkxG79uzAgfqDuHzot},
    howpublished = {\url{https://www.youtube.com/playlist?list=PLoyEIY-nZq_uipRkxG79uzAgfqDuHzot}},
}

@misc{haskelltui2018,
    author       = {Kerchkove, Tom Sydney},
    title        = {{Building Terminal User Interfaces with Haskell}},
    year         = {2018},
    url          = {https://www.youtube.com/watch?v=GqEH8XvPZwM},
    note         = {Accessed: October 16, 2023}
}

@misc{romashkina2021,
    author       = {Veronika Romashkina},
    title        = {{Lift Unliftable (and unlift liftable) @Zurihac21}},
    year         = {2021},
    url          = {https://www.youtube.com/watch?v=wJsXjsCvSPg},
    note         = {Accessed: October 03, 2023}
}

@misc{rosenthol-2016-intro-to-pdf,
    author = {Leondard Rosenthol},
    title        = {{Intro to PDF}},
    year         = {2016},
    url          = {https://www.youtube.com/watch?v=KmP7pbcAl-8},
    note         = {Accessed: October 03, 2023}
}

@book{alteregoeffect,
    author    = {Herman, Todd},
    title     = {Alter Ego Effect},
    year      = {2019},
    publisher = {HarperCollins},
    address   = {New York, NY},
    isbn      = {978-0-06-283863-5}
}

@book{gottman2016,
    title = {Man's Guide to Women},
    author = {Gottman and Abrams},
    publisher = {Rodale Books},
    year      = {2016},
}

@book{maxmiller2015,
    title = {Mate: Become the Man Women Want},
    author = {Max and Miller},
    publisher = {Little Brown and Company},
    year      = {2015},
}

@book{mckee1997,
    author    = {McKee, Robert},
    title     = {Story: Substance, Structure, Style and the Principles of Screenwriting},
    year      = {1997},
    month     = {November 25},
    publisher = {ReganBooks},
    address   = {New York, NY},
    isbn      = {978-0060391683},
}

@book{doets2004,
    author    = {Kees Doets},
    title     = {The Haskell Road to Logic, Maths and Programming},
    year      = {2004},
    edition   = {2nd},
    publisher = {Texts in Computing},
    note      = {Paperback}
}

@book{jannson2022,
    author    = {Patrik Jansson, Cezar Ionescu, Jean-Philippe Bernardy},
    title     = {Domain-Specific Languages of Mathematics},
    year      = {2022},
    edition   = {1st},
    publisher = {Texts in Computing}
}

@book{hudak2018,
    author    = {Paul Hudak and Donya Quick},
    title     = {The Haskell School of Music: From Signals to Symphonies},
    edition   = {1st},
    year      = {2018},
    publisher = {Cambridge University Press}
}

@book{pierce2002,
    author    = {Benjamin C. Pierce},
    title     = {Types and Programming Languages},
    year      = {2002},
    publisher = {The MIT Press}
}

@book{serrano2021,
    author    = {Alejandro Serrano Mena},
    title     = {Book of Monads},
    year      = {2021},
    publisher = {self-published}
}

@misc{typeclassopedia,
    title        = {Typeclassopedia},
    author       = {HaskellWiki contributors},
    howpublished = {HaskellWiki},
    year         = {Last revised on 30 December 2022},
    note         = {Retrieved on 5 October 2023},
    url          = {https://wiki.haskell.org/index.php?title=Typeclassopedia&oldid=65490}
}

@book{osullivan2008,
    author    = {Bryan O'Sullivan and John Goerzen and Don Stewart},
    title     = {Real World Haskell},
    publisher = {O'Reilly Media, Inc.},
    year      = {2008},
    address   = {Sebastopol, CA, USA},
    isbn      = {978-0596514983}
}

@article{muller2006,
    author       = {M. Grabm√ºller},
    title        = {Monad Transformers Step by Step},
    year         = {2006},
    url          = {https://github.com/mgrabmueller/transformersstepbystep},
    note         = {GitHub repository},
    journal = {who knows}
}

@book{burgis2021,
    author    = {Burgis, Luke},
    title     = {Wanting, The Power of Mimetic Desire in Everyday Life},
    publisher = {St. Martin's Press},
    year      = {2021},
}

@book{tevault2020,
    author    = {Tevault, Donald},
    title     = {Mastering Linux Security and Hardening: A practical guide to protecting your Linux system from cyber attacks},
    publisher = {Packt Publishing},
    year      = {2020},
    edition   = {2nd Edition}
}

@book{gonzalez2024,
    author    = {Gonzalez},
    title     = {NixOS in Production},
    publisher = {Leanpub},
    year      = {2024},
}

@book{granin2020,
    author    = {Granin},
    title     = {Functional Design and Architecture},
    publisher = {Leanpub},
    year      = {2020},
    edition   = {v.1.0.2f}
}

@book{bird2015,
    author    = {Bird, Richard},
    title     = {Thinking Functionally With Haskell},
    publisher = {Cambridge University Press},
    year      = {2015},
}

@book{bird2020,
    author    = {Bird, Richard and Gibbons, Jeremy},
    title     = {Algorithm Design with Haskell},
    publisher = {Cambridge University Press},
    year      = {2020},
}

@book{milewski2023,
    author    = {Bartosz, Milewski},
    title     = {Dao of Functional Programming},
    year      = {2023},
}

@article{renesse2011,
    author  = {Christine von Renesse and Volker Ecke},
    title   = {Mathematics and Salsa Dancing},
    journal = {Journal of Mathematics and the Arts},
    year    = {2011},
    month   = {3},
    volume  = {5},
    pages   = {17-28}
}

@book{hutton2016,
    author    = {Hutton, Graham},
    title     = {Programming in Haskell},
    publisher = {Cambridge University Press},
    year      = {2016},
    edition   = {2nd edition}
}

@book{mimram2020,
    author    = {{Samuel Mimram}},
    title     = {{PROGRAM = PROOF}},
    publisher = {\url{http://program-proof.mimram.fr}},
    year      = {2020},
}

@book{marlow2020,
    author    = {{Simon Marlow}},
    title     = {{Parallel and Concurrent Programming in Haskell}},
    publisher = {O'Reilly Media},
    year      = {2013},
}

@book{cheng2023,
    author    = {{Eugenia Cheng}},
    title     = {{Joy of Abstraction}},
    publisher = {Cambridge University Press},
    year      = {2023},
}

@book{maguire2018,
    author    = {{Sandy Maguire}},
    title     = {{Thinking With Types: Type Level Programming in Haskell}},
    year      = {2018},
}

@book{maguire2020,
    author    = {{Sandy Maguire}},
    title     = {{Algebra Driven Design}},
    year      = {2020},
}

@book{penner2020,
    author    = {{Chris Penner}},
    title     = {{Optics by Example: Functional Lenses in Haskell}},
    year      = {2020},
    publisher = {Leanpub},
}

@book{martin2023,
    author    = {{Chris Martin}},
    title     = {{Sockets and Pipes}},
    year      = {2023},
    publisher = {LeanPub},
}

@book{friedman2018,
    author    = {{Daniel P. Friedman and David Thrane Christiansen}},
    title     = {{The Little Typer}},
    year      = {2018},
    publisher = {The MIT Press},
}

@book{kun2018,
    author    = {Jeremy Kun},
    title     = {{Programmer's Introduction to Math}},
    year      = {2018},
}

@article{launchbury1994,
    author = {John Launchbury and Simon Peyton Jones},
    title  = {Lazy Functional State Threads},
    year   = {1994},
}

@article{monadsraja2023,
    author = {Idris Raja},
    title  = {Monads},
    year   = {2023},
}

@article{haskellwikiMonadTransformers,
    author = {Haskell Wiki},
    title = {Monad Transformers Explained},
    url = {https://wiki.haskell.org/Monad_Transformers_Explained},
}

@online{MITOCW,
  author = {Prof. Armando Solar-Lezama},
  title = {Fundamentals Of Program Analysis},
  year = {2015},
  note = {MIT 6.820},
  url = {https://ocw.mit.edu/courses/electrical-engineering-and-computer-science/6-00sc-introduction-to-computer-science-and-programming-spring-2011/},
  howpublished = {\url{https://ocw.mit.edu/courses/6-820-fundamentals-of-program-analysis-fall-2015/}},
}

@article{lee:1998,
    author = {Lee, O and Yi, K},
    title = {Proofs about a Folklore Let-Polymorphic type inference algorithm},
    journal = {ACM Transactions on Programming Languages and System},
    volume = {20},
    number = {4},
    pages = {707-723},
    year = {1998},
    doi = {10.1145.291891.291.892},
}
